% This file was created with Citavi 5.5.0.1

@proceedings{.2015,
 year = {2015},
 title = {2015 Digital Heritage},
 publisher = {IEEE},
 isbn = {978-1-5090-0254-2}
}


@inproceedings{Capurro.2015,
 author = {Capurro, Carlotta and Nollet, Dries and Pletinckx, Daniel},
 title = {Tangible interfaces for digital museum applications},
 pages = {271--276},
 publisher = {IEEE},
 isbn = {978-1-5090-0254-2},
 booktitle = {2015 Digital Heritage},
 year = {2015},
 doi = {10.1109/DigitalHeritage.2015.7413881}
}


@misc{GeorgeOates.2015,
 author = {{George Oates}},
 editor = {{Museum in a Box Ltd.}},
 year = {2015},
 title = {Museum in an Box: Object-oriented experience design for museums},
 url = {http://www.museuminabox.org/},
 urldate = {2018-05-11}
}


@misc{GoetheInstitute.V..2017,
 author = {{Alexander J{\"u}rgs}},
 editor = {{Goethe-Institut e. V.}},
 year = {2017},
 title = {Virtual Reality im Museum: Wenn Dinosaurier zum Leben erwachen},
 url = {https://www.goethe.de/de/kul/bku/20949031.html},
 urldate = {2018-05-11}
}


@misc{GoogleCultureInstitut.2011,
 editor = {{Google Culture Institut}},
 year = {2011},
 title = {Google Arts and Culture},
 url = {http://www.googleartproject.com},
 urldate = {2018-05-11}
}


@book{Miedler.2010,
 year = {2010},
 title = {Ethische Richtlinien f{\"u}r Museen von ICOM},
 address = {Z{\"u}rich},
 urldate = {2018-05-11},
 edition = {{\"u}berarb. 2. Aufl. der dt. Version},
 publisher = {{ICOM Schweiz}},
 isbn = {978-3-9523484-5-1},
 editor = {Miedler, Edmund}
}


